@misc{goldenratio,
	author = "Eric W. Weisstein",
	title = "Golden Ratio.",
	url = "http://mathworld.wolfram.com/GoldenRatio.html"
}

@book{holistic,
	author = "Autar K. Kaw",
	title = "Holistic Numerical Methods",
	url = "http://nm.mathforcollege.com/topics/textbook_index.html"
}
